@manual{oetiket2007lshort,
    author = {Oetiket, T. and Partl, H. and Hyna and Schlegl, E.},
    title = {The not-so-short introduction to Latex},
    url = {http://www.ctan.org/tex-archive/info/lshort/english/lshort.pdf}
}

@Manual{downes2002shortams,
  title = 	 {{Short Math Guide for \LaTeX{}}},
  author = 	 {Downes,, Michael},
  organization = {American Mathematical Society},
  year = 	 {2002},
  url = 	 {ftp://ftp.ams.org/pub/tex/doc/amsmath/short-math-guide.pdf}
}

@Book{ungar2002uvod,
  author = 	 {Šime Ungar},
  title = 	 {{Uvod u \TeX{} s naglaskom na \LaTeX 2$\epsilon$}},
  publisher = 	 {Odjel za matematiku, Sveučilište J.J.\ Strossmayera u Osijeku},
  year = 	 {2002}
}

@misc{MDNLet,
  author = {},
  title = {{MDN} {--} {Mozilla Developer Network}: Let},
  howpublished = {\url{https://developer.mozilla.org/en-US/docs/Web/JavaScript/Reference/Statements/let}},
  note = {Datum zadnje izmjene: 30.05.2017., Datum pristupa: 30.05.2017.},
}

@misc{MDNConst,
  author = {},
  title = {{MDN} {--} {Mozilla Developer Network}: Const},
  howpublished = {\url{https://developer.mozilla.org/en-US/docs/Web/JavaScript/Reference/Statements/const}},
  note = {Datum zadnje izmjene: 24.05.2017., Datum pristupa: 30.05.2017.}
}

@misc{MDNPrototype,
  author = {},
  title = {{MDN} {--} {Mozilla Developer Network}: Inheritance and the prototype chain},
  howpublished = {\url{https://developer.mozilla.org/en-US/docs/Web/JavaScript/Inheritance_and_the_prototype_chain}},
  note = {Datum zadnje izmjene: 01.05.2017., Datum pristupa: 31.05.2017.}
}

@misc{MDNClass,
  author = {},
  title = {{MDN} {--} {Mozilla Developer Network}: Classes},
  howpublished = {\url{https://developer.mozilla.org/en-US/docs/Web/JavaScript/Reference/Classes}},
  note = {Datum zadnje izmjene: 27.05.2017., Datum pristupa: 31.05.2017.}
}

@misc{MDNPromise,
  author = {},
  title = {{MDN} {--} {Mozilla Developer Network}: Promise},
  howpublished = {\url{https://developer.mozilla.org/en-US/docs/Web/JavaScript/Reference/Global_Objects/Promise}},
  note = {Datum zadnje izmjene: 04.06.2017., Datum pristupa: 04.06.2017.}
}

@misc{MDNUsingPromises,
  author = {},
  title = {{MDN} {--} {Mozilla Developer Network}: Using promises},
  howpublished = {\url{https://developer.mozilla.org/en-US/docs/Web/JavaScript/Guide/Using_promises}},
  note = {Datum zadnje izmjene: 24.05.2017., Datum pristupa: 04.06.2017.}
}

@misc{MDNArrowFunc,
  author = {},
  title = {{MDN} {--} {Mozilla Developer Network}: Arrow functions},
  howpublished = {\url{https://developer.mozilla.org/en-US/docs/Web/JavaScript/Guide/Using_promises}},
  note = {Datum zadnje izmjene: 31.05.2017., Datum pristupa: 01.06.2017.}
}

@misc{reactWiki,
  author = {},
  title = {Wikipedia {--} {T}he {F}ree {E}ncyclopedia: {React (JavaScript library)}},
  howpublished = {\url{https://en.wikipedia.org/wiki/React_(JavaScript_library)}},
  note = {Datum nastanka: 02.01.2015., Datum zadnje izmjene: 27.05.2017., Datum pristupa: 30.05.2017.}
}

@misc{reactGithub,
  author = {},
  title = {Github: {facebook/react}},
  howpublished = {\url{https://github.com/facebook/react}},
  note = {Datum nastanka: 29.05.2013., Datum zadnje izmjene: 29.05.2017., Datum pristupa: 30.05.2017.}
}

@misc{react,
  author = {},
  title = {React},
  howpublished = {\url{https://facebook.github.io/react}},
  note = {Datum pristupa: 30.05.2017.}
}

@misc{reactDocsComponent,
  author = {},
  title = {React {--} {D}ocs: {React.Component}},
  howpublished = {\url{https://facebook.github.io/react/docs/react-component.html}},
  note = {Datum pristupa: 31.05.2017.}
}

@misc{reactDocsRenderElem,
  author = {},
  title = {React {--} {D}ocs: {Rendering Elements}},
  howpublished = {\url{https://facebook.github.io/react/docs/rendering-elements.html}},
  note = {Datum pristupa: 31.05.2017.}
}

@misc{reactDocsComp&Props,
  author = {},
  title = {React {--} {D}ocs: {Components and Props}},
  howpublished = {\url{https://facebook.github.io/react/docs/components-and-props.html}},
  note = {Datum pristupa: 31.05.2017.}
}

@misc{reactDocsJSX,
  author = {},
  title = {React {--} {D}ocs: {JSX in Depth}},
  howpublished = {\url{https://facebook.github.io/react/docs/jsx-in-depth.html}},
  note = {Datum pristupa: 31.05.2017.}
}

@misc{reactDocsLiftStateUp,
  author = {},
  title = {React {--} {D}ocs: {Lifting State Up}},
  howpublished = {\url{https://facebook.github.io/react/docs/lifting-state-up.html}},
  note = {Datum pristupa: 31.05.2017.}
}

@misc{createReactAppGithub,
  author = {},
  title = {Github: {facebookincubator/create-react-app}},
  howpublished = {\url{https://github.com/facebookincubator/create-react-app}},
  note = {Datum nastanka: 15.07.2016., Datum zadnje izmjene: 23.05.2017., Datum pristupa: 02.06.2017.}
}

@misc{reactRouter,
  author = {},
  title = {{React Training: React Router -- Web}},
  howpublished = {\url{https://reacttraining.com/react-router/web}},
  note = {Datum pristupa: 03.06.2017.}
}

@misc{bootstrapWiki,
  author = {},
  title = {Wikipedia {--} {T}he {F}ree {E}ncyclopedia: {Bootstrap (front-end framework)}},
  howpublished = {\url{https://en.wikipedia.org/wiki/Bootstrap_(front-end_framework)}},
  note = {Datum nastanka: 18.09.2012., Datum zadnje izmjene: 01.06.2017., Datum pristupa: 03.06.2017.}
}

@misc{bootstrapReact,
  author = {},
  title = {{React-Bootstrap}},
  howpublished = {\url{https://react-bootstrap.github.io/}},
  note = {Datum pristupa: 03.06.2017.}
}

@misc{MDNFetch,
  author = {},
  title = {{MDN} {--} {Mozilla Developer Network}: {Fetch API}},
  howpublished = {\url{https://developer.mozilla.org/en-US/docs/Web/API/Fetch_API}},
  note = {Datum pristupa: 04.06.2017.}
}

@misc{MDNUsingFetch,
  author = {},
  title = {{MDN} {--} {Mozilla Developer Network}: {Using Fetch}},
  howpublished = {\url{https://developer.mozilla.org/en-US/docs/Web/API/Fetch_API/Using_Fetch}},
  note = {Datum pristupa: 04.06.2017.}
}

@misc{fetch,
  author = {David Walsh},
  title = {{Fetch API}},
  howpublished = {\url{https://davidwalsh.name/fetch}},
  note = {Datum nastanka: 15.04.2015., Datum pristupa: 05.06.2017.}
}

@misc{understandingCBA,
  author = {Dan Shapiro},
  title = {{Understanding Component-Based Architecture}},
  howpublished = {\url{https://medium.com/@dan.shapiro1210/understanding-component-based-architecture-3ff48ec0c238}},
  note = {Datum nastanka: 16.06.2016., Datum pristupa: 05.06.2017.}
}

@misc{componentTypes,
  author = {Dan Abramov},
  title = {{Presentational and Container Components}},
  howpublished = {\url{https://medium.com/@dan_abramov/smart-and-dumb-components-7ca2f9a7c7d0}},
  note = {Datum nastanka: 23.03.2015., Datum pristupa: 05.06.2017.}
}